

@article{one,
  title={Object Detection in Google Earth Images Using Deep Convolutional Neural Networks},
  author={A. Ali and M. T. Nawaz},
  journal={ IEEE Access},
  volume={8},
  year={2020},
  publisher={IEEE}
}

@article{two,
  title={Automated detection of urban change using Google Earth imagery and machine learning},
  author={D. M. Anderson, C. M. Shortridge, J. C. Huang, J. C. Mennis,},
  journal={MDPI},
  year={2018},
  publisher={MDPI}
}


@article{three,
title={A deep learning approach to automatic building detection in google earth imagery},
author={Xia, Yunfei and Xu, Tingfa and Qin, Kaixuan and Wang, Xiaoxiao},
journal={Remote Sensing},
volume={10},
number={4},
pages={577},
year={2018},
publisher={Multidisciplinary Digital Publishing Institute}
}

@article{four,
  title={Object detection from satellite imagery using deep learning techniques},
  author={Udaykumar, H. G., Holla, K. R., & Prabhu, G. K},
  journal={Procedia Computer Science},
  year={2018},
  publisher={Procedia Computer Science}
}

@article{five,
  title = {LandCover.ai: Dataset for Automatic Mapping of Buildings, 
  Woodlands, Water and Roads from Aerial Imagery},
  author = {Boguszewski, Adrian and Batorski, Dominik and Ziemba-Jankowska, Natalia and Dziedzic, Tomasz and Zambrzycka, Anna},
    booktitle = {Proceedings of the IEEE/CVF Conference on Computer Vision and Pattern Recognition (CVPR) Workshops},
    month = {June},
    year = {2021},
    pages = {1102-1110}
  
}
